<zs:record>
      <zs:recordPacking>xml</zs:recordPacking>
      <zs:recordData>
        <record xmlns="http://www.loc.gov/MARC21/slim">
          <leader>00472nz a2200121 4500</leader>
          <controlfield tag="001">30002526</controlfield>
          <controlfield tag="003">RISM</controlfield>
          <controlfield tag="005">20121108</controlfield>
          <controlfield tag="008">121108n||az|||||||##########||||||||||||</controlfield>
          <datafield tag="043" ind1=" " ind2=" ">
            <subfield code="c">Russian Federation</subfield>
          </datafield>
          <datafield tag="110" ind1="2" ind2=" ">
            <subfield code="a">Gosudarstvennyj central'nyj muzej muzykal'noj kul'tury im. M. I. Glinki</subfield>
            <subfield code="c">Moskva</subfield>
            <subfield code="g">RUS-Mcm</subfield>
          </datafield>
          <datafield tag="622" ind1=" " ind2=" ">
            <subfield code="e">Gosudarstvennyj central'nyj muzej, muzykal'noj kul'tury im. M. I. Glinki, ul. Fadeeva d.
              4, 125047 Moskva, Russia</subfield>
            <subfield code="u">http://www.glinka.museum/</subfield>
          </datafield>
          <datafield tag="852" ind1="2" ind2=" ">
            <subfield code="b">55.755786, 37.617633</subfield>
          </datafield>
          <idzebra xmlns="http://www.indexdata.dk/zebra/">
            <size>472</size>
            <score>734</score>
            <localnumber>835803</localnumber>
            <filename>sigla/sigla.mrc</filename>
          </idzebra>
        </record>
      </zs:recordData>
      <zs:recordPosition>32</zs:recordPosition>
    </zs:record>