<zs:record>
      <zs:recordPacking>xml</zs:recordPacking>
      <zs:recordData>
        <record xmlns="http://www.loc.gov/MARC21/slim">
          <leader>00647nz a2200145 4500</leader>
          <controlfield tag="001">30002527</controlfield>
          <controlfield tag="003">RISM</controlfield>
          <controlfield tag="005">20121108</controlfield>
          <controlfield tag="008">121108n||az|||||||##########||||||||||||</controlfield>
          <datafield tag="043" ind1=" " ind2=" ">
            <subfield code="c">Russian Federation</subfield>
          </datafield>
          <datafield tag="110" ind1="2" ind2=" ">
            <subfield code="a">Naučnaja muzykal'naja biblioteka im. S. I. Taneeva Moskovskoj gosudarstvennoj
              konservatorii im. P. I. Čajkovskogo</subfield>
            <subfield code="c">Moskva</subfield>
            <subfield code="g">RUS-Mk</subfield>
          </datafield>
          <datafield tag="410" ind1="2" ind2=" ">
            <subfield code="a">Gosudarstvennaya Konservatoriya im.P.I.Chaykovskovo, Nauchnaya Muzïkal'naya Bibl.
              im.S.I.Taneyeva</subfield>
          </datafield>
          <datafield tag="410" ind1="2" ind2=" ">
            <subfield code="a">Moskovskaja gosudarstvennaja konservatorija im. P. I. Čajkovskogo</subfield>
          </datafield>
          <datafield tag="410" ind1="2" ind2=" ">
            <subfield code="a">Naučna a muzykal'naja biblioteka im. S. I. Taneeva, Gosudarstvennaja konservatorija im.
              P</subfield>
          </datafield>
          <datafield tag="670" ind1="2" ind2=" ">
            <subfield code="a">1918</subfield>
          </datafield>
          <idzebra xmlns="http://www.indexdata.dk/zebra/">
            <size>647</size>
            <score>734</score>
            <localnumber>830627</localnumber>
            <filename>sigla/sigla.mrc</filename>
          </idzebra>
        </record>
      </zs:recordData>
      <zs:recordPosition>6</zs:recordPosition>
    </zs:record>