<zs:record>
      <zs:recordPacking>xml</zs:recordPacking>
      <zs:recordData>
        <record xmlns="http://www.loc.gov/MARC21/slim">
          <leader>00615nz a2200157 4500</leader>
          <controlfield tag="001">30002528</controlfield>
          <controlfield tag="003">RISM</controlfield>
          <controlfield tag="005">20121108</controlfield>
          <controlfield tag="008">121108n||az|||||||##########||||||||||||</controlfield>
          <datafield tag="043" ind1=" " ind2=" ">
            <subfield code="c">Russian Federation</subfield>
          </datafield>
          <datafield tag="110" ind1="2" ind2=" ">
            <subfield code="a">Rossijskaja Gosudarstvennaja biblioteka</subfield>
            <subfield code="c">Moskva</subfield>
            <subfield code="g">RUS-Mrg</subfield>
          </datafield>
          <datafield tag="410" ind1="2" ind2=" ">
            <subfield code="a">Russian State Library</subfield>
          </datafield>
          <datafield tag="410" ind1="2" ind2=" ">
            <subfield code="a">Gosudarstvennaja biblioteka SSSR im. V. I. Lenina</subfield>
          </datafield>
          <datafield tag="410" ind1="2" ind2=" ">
            <subfield code="a">Gosudarstvennaya Ordena Lenina Biblioteka SSSR imeni V. I. Lenina</subfield>
          </datafield>
          <datafield tag="622" ind1=" " ind2=" ">
            <subfield code="e">Rossijskaja Gosudarstvennaja biblioteka, ul. Vozdviženka, d. 3/5, 119019 Moskva,
              Russia</subfield>
            <subfield code="u">http://www.rsl.ru/</subfield>
          </datafield>
          <datafield tag="688" ind1="2" ind2=" ">
            <subfield code="a">Series A/I: Ml; Series B: Ml; N-Grove: Ml</subfield>
          </datafield>
          <idzebra xmlns="http://www.indexdata.dk/zebra/">
            <size>615</size>
            <score>734</score>
            <localnumber>830628</localnumber>
            <filename>sigla/sigla.mrc</filename>
          </idzebra>
        </record>
      </zs:recordData>
      <zs:recordPosition>7</zs:recordPosition>
    </zs:record>