<zs:record>
      <zs:recordPacking>xml</zs:recordPacking>
      <zs:recordData>
        <record xmlns="http://www.loc.gov/MARC21/slim">
          <leader>00672nz a2200157 4500</leader>
          <controlfield tag="001">30002519</controlfield>
          <controlfield tag="003">RISM</controlfield>
          <controlfield tag="005">20121108</controlfield>
          <controlfield tag="008">121108n||az|||||||##########||||||||||||</controlfield>
          <datafield tag="043" ind1=" " ind2=" ">
            <subfield code="c">Russian Federation</subfield>
          </datafield>
          <datafield tag="110" ind1="2" ind2=" ">
            <subfield code="a">Rossijskij institut istorii iskusstv</subfield>
            <subfield code="c">Sankt Peterburg</subfield>
            <subfield code="g">RUS-SPit</subfield>
          </datafield>
          <datafield tag="410" ind1="2" ind2=" ">
            <subfield code="a">Leningradsky Gosudarstvennïy Institut Teatra, Muzïki i Kinematografii</subfield>
          </datafield>
          <datafield tag="410" ind1="2" ind2=" ">
            <subfield code="a">Naučno-issledovatel'skij institut teatra i muzyki</subfield>
          </datafield>
          <datafield tag="410" ind1="2" ind2=" ">
            <subfield code="a">Naučnaja biblioteka Gosudarstvennogo instituta teatra, muzyki i kinematografii</subfield>
          </datafield>
          <datafield tag="622" ind1=" " ind2=" ">
            <subfield code="e">Rossijskij institut istorii iskusstv, Isaakievskaja pl., 5, 190000 Sankt Peterburg,
              Russia</subfield>
          </datafield>
          <datafield tag="688" ind1="2" ind2=" ">
            <subfield code="a">Series A/I: Lit; Series B: Lit; N-Grove: Lit</subfield>
          </datafield>
          <idzebra xmlns="http://www.indexdata.dk/zebra/">
            <size>672</size>
            <score>734</score>
            <localnumber>832944</localnumber>
            <filename>sigla/sigla.mrc</filename>
          </idzebra>
        </record>
      </zs:recordData>
      <zs:recordPosition>21</zs:recordPosition>
    </zs:record>