<zs:record>
      <zs:recordPacking>xml</zs:recordPacking>
      <zs:recordData>
        <record xmlns="http://www.loc.gov/MARC21/slim">
          <leader>00851nz a2200193 4500</leader>
          <controlfield tag="001">30000181</controlfield>
          <controlfield tag="003">RISM</controlfield>
          <controlfield tag="005">20121108</controlfield>
          <controlfield tag="008">121108n||az|||||||##########||||||||||||</controlfield>
          <datafield tag="043" ind1=" " ind2=" ">
            <subfield code="c">Russian Federation</subfield>
          </datafield>
          <datafield tag="110" ind1="2" ind2=" ">
            <subfield code="a">Rossijskaja nacional'naja biblioteka</subfield>
            <subfield code="c">Sankt-Peterburg</subfield>
            <subfield code="g">RUS-SPsc</subfield>
          </datafield>
          <datafield tag="410" ind1="2" ind2=" ">
            <subfield code="a">The national Library of Russia</subfield>
          </datafield>
          <datafield tag="410" ind1="2" ind2=" ">
            <subfield code="a">Gosudarstvennaya Ordena Trudovovo Krasnovo Znameni Publichnaya Biblioteka imeni M. E.
              Saltïkova-S</subfield>
          </datafield>
          <datafield tag="410" ind1="2" ind2=" ">
            <subfield code="a">Bibliothèque publique Saltykov-Chtchédrine</subfield>
          </datafield>
          <datafield tag="410" ind1="2" ind2=" ">
            <subfield code="a">Gosudarstvennaja publičnaja biblioteka im. M. E. Saltykova-Ščedrina</subfield>
          </datafield>
          <datafield tag="410" ind1="2" ind2=" ">
            <subfield code="a">Rossijskaja nacional'naja biblioteka im. M. E. Saltykova-Ščedrina</subfield>
          </datafield>
          <datafield tag="622" ind1=" " ind2=" ">
            <subfield code="e">Rossijskaja nacional'naja biblioteka, ul. Sadovaja, d. 18, 191069 Sankt-Peterburg,
              Russia</subfield>
            <subfield code="u">http://www.nlr.ru</subfield>
          </datafield>
          <datafield tag="688" ind1="2" ind2=" ">
            <subfield code="a">Series A/I: Lsc; Series B: Lsc; N-Grove: Lsc</subfield>
          </datafield>
          <datafield tag="670" ind1="2" ind2=" ">
            <subfield code="a">7</subfield>
          </datafield>
          <idzebra xmlns="http://www.indexdata.dk/zebra/">
            <size>851</size>
            <score>734</score>
            <localnumber>831823</localnumber>
            <filename>sigla/sigla.mrc</filename>
          </idzebra>
        </record>
      </zs:recordData>
      <zs:recordPosition>19</zs:recordPosition>
    </zs:record>